@misc{Beck2001,
abstract = {We are uncovering better ways of developing software by doing it and helping others do it. Through this work we have come to value: Individuals and interactions over processes and tools Working software over comprehensive documentation Customer collaboration over contract negotiation Responding to change over following a plan That is, while there is value in the items on the right, we value the items on the left more.},
author = {Beck, Kent and Beedle, Mike and {Van Bennekum}, Arie and Cockburn, Alistair and Cunningham, Ward and Fowler, Martin and Grenning, James and Highsmith, Jim and Hunt, Andrew and Jeffries, Ron and Kern, Jon and Marick, Brian and Martin, Robert C and Mellor, Steve and Schwaber, Ken and Sutherland, Jeff and Thomas, Dave},
booktitle = {Software Development},
doi = {10.1177/004057368303900411},
isbn = {http://www.agileAlliance.org},
issn = {10708588},
pages = {28--35},
title = {{Agile Manifesto}},
url = {http://agilemanifesto.org/},
volume = {9},
year = {2001}
}